[gd_scene load_steps=5 format=2]

[ext_resource path="res://fonts/font_roboto_mono_bigger.tres" type="DynamicFont" id=1]
[ext_resource path="res://fonts/font_roboto_mono_bolder_bigger.tres" type="DynamicFont" id=2]
[ext_resource path="res://TitleCardSetup.gd" type="Script" id=3]

[sub_resource type="StyleBoxFlat" id=1]
bg_color = Color( 0.121094, 0.116837, 0.116837, 1 )

[node name="TitleCardSetup" type="Node"]
script = ExtResource( 3 )

[node name="PanelContainer" type="PanelContainer" parent="."]
anchor_right = 1.0
anchor_bottom = 1.0
custom_styles/panel = SubResource( 1 )
__meta__ = {
"_edit_use_anchors_": false
}

[node name="MarginContainer" type="MarginContainer" parent="PanelContainer"]
margin_right = 1024.0
margin_bottom = 1000.0
custom_constants/margin_right = 25
custom_constants/margin_top = 25
custom_constants/margin_left = 25
custom_constants/margin_bottom = 25

[node name="VBoxContainer" type="VBoxContainer" parent="PanelContainer/MarginContainer"]
margin_left = 25.0
margin_top = 25.0
margin_right = 999.0
margin_bottom = 975.0
alignment = 1

[node name="Label" type="Label" parent="PanelContainer/MarginContainer/VBoxContainer"]
margin_top = 119.0
margin_right = 974.0
margin_bottom = 186.0
size_flags_vertical = 6
custom_fonts/font = ExtResource( 2 )
text = "Title Card"
align = 1
valign = 1

[node name="SpacerControlPlayIcon" type="Control" parent="PanelContainer/MarginContainer/VBoxContainer"]
margin_top = 310.0
margin_right = 974.0
margin_bottom = 616.0
size_flags_vertical = 3

[node name="Label2" type="Label" parent="PanelContainer/MarginContainer/VBoxContainer"]
margin_top = 752.0
margin_right = 974.0
margin_bottom = 793.0
size_flags_vertical = 6
custom_fonts/font = ExtResource( 1 )
text = "Title Card"
align = 1
valign = 1

[node name="btnCapture" type="Button" parent="PanelContainer/MarginContainer/VBoxContainer"]
margin_left = 914.0
margin_top = 930.0
margin_right = 974.0
margin_bottom = 950.0
size_flags_horizontal = 12
text = "capture"

[connection signal="pressed" from="PanelContainer/MarginContainer/VBoxContainer/btnCapture" to="." method="_on_btnCapture_pressed"]
